<?xml version="1.0" encoding="UTF-8"?>
<record xmlns="http://www.loc.gov/MARC21/slim" xmlns:xsi="http://www.w3.org/2001/XMLSchema-instance" xsi:schemaLocation="http://www.loc.gov/MARC21/slim http://www.loc.gov/standards/marcxml/schema/MARC21slim.xsd">
<leader>00000cam a22      i 4500</leader>
<controlfield tag="001">001684213</controlfield>
<controlfield tag="003">NNU</controlfield>
<controlfield tag="005">20151016175315.0</controlfield>
<controlfield tag="008">870304s1962    iq            000 0 ara</controlfield>
<datafield tag="010" ind1=" " ind2=" ">
<subfield code="a">ne 64003286</subfield>
</datafield>
<datafield tag="025" ind1=" " ind2=" ">
<subfield code="a">PL480: UAR-8470</subfield>
</datafield>
<datafield tag="035" ind1=" " ind2=" ">
<subfield code="a">(OCoLC)14942094</subfield>
<subfield code="z">(OCoLC)23484893</subfield>
</datafield>
<datafield tag="040" ind1=" " ind2=" ">
<subfield code="a">DLC</subfield>
<subfield code="b">eng</subfield>
<subfield code="c">EYM</subfield>
<subfield code="d">DLC</subfield>
<subfield code="d">IUL</subfield>
<subfield code="d">CUY</subfield>
<subfield code="d">ZCU</subfield>
<subfield code="d">ORZ</subfield>
<subfield code="d">OCLCF</subfield>
<subfield code="d">OCLCQ</subfield>
<subfield code="d">NNU</subfield>
</datafield>
<datafield tag="042" ind1=" " ind2=" ">
<subfield code="a">premarc</subfield>
</datafield>
<datafield tag="050" ind1=" " ind2="4">
<subfield code="a">D16.8</subfield>
<subfield code="b">.D87 1962</subfield>
</datafield>
<datafield tag="050" ind1="0" ind2="0">
<subfield code="a">D16.8</subfield>
<subfield code="b">.D87</subfield>
</datafield>
<datafield tag="100" ind1="1" ind2=" ">
<subfield code="6">880-01</subfield>
<subfield code="a">Dūrī, ʻAbd al-ʻAzīz.</subfield>
</datafield>
<datafield tag="245" ind1="1" ind2="0">
<subfield code="6">880-02</subfield>
<subfield code="a">Tafsīr al-tārīkh /</subfield>
<subfield code="c">taʼlīf ʻAbd al-ʻAzīz al-Dūrī [wa-ākharīn].</subfield>
</datafield>
<datafield tag="260" ind1=" " ind2=" ">
<subfield code="6">880-03</subfield>
<subfield code="a">Baghdād :</subfield>
<subfield code="b">Maktabat al-Nahḍah,</subfield>
<subfield code="c">[1962?]</subfield>
</datafield>
<datafield tag="300" ind1=" " ind2=" ">
<subfield code="a">55 pages ;</subfield>
<subfield code="c">22 cm.</subfield>
</datafield>
<datafield tag="336" ind1=" " ind2=" ">
<subfield code="a">text</subfield>
<subfield code="b">txt</subfield>
<subfield code="2">rdacontent</subfield>
</datafield>
<datafield tag="337" ind1=" " ind2=" ">
<subfield code="a">unmediated</subfield>
<subfield code="b">n</subfield>
<subfield code="2">rdamedia</subfield>
</datafield>
<datafield tag="338" ind1=" " ind2=" ">
<subfield code="a">volume</subfield>
<subfield code="b">nc</subfield>
<subfield code="2">rdacarrier</subfield>
</datafield>
<datafield tag="490" ind1="1" ind2=" ">
<subfield code="6">880-04</subfield>
<subfield code="a">Manshūrāt Jamʻīyat al-muʼallifīn wa-al-kuttāb al-ʻIrāqīyīn ;</subfield>
<subfield code="v">5</subfield>
</datafield>
<datafield tag="650" ind1=" " ind2="0">
<subfield code="a">History</subfield>
<subfield code="x">Philosophy.</subfield>
</datafield>
<datafield tag="650" ind1=" " ind2="7">
<subfield code="a">History</subfield>
<subfield code="x">Philosophy.</subfield>
<subfield code="2">fast</subfield>
<subfield code="0">(OCoLC)fst00958266.</subfield>
</datafield>
<datafield tag="776" ind1="0" ind2="8">
<subfield code="i">Online version:</subfield>
<subfield code="a">Dūrī, ʻAbd al-ʻAzīz.</subfield>
<subfield code="t">Tafsīr al-tārīkh.</subfield>
<subfield code="d">Baghdād : Maktabat al-Nahḍah [1962?]</subfield>
<subfield code="w">(OCoLC)565041384</subfield>
</datafield>
<datafield tag="880" ind1="1" ind2=" ">
<subfield code="6">100-01/</subfield>
<subfield code="a">دوري، عبد العزيز.</subfield>
</datafield>
<datafield tag="880" ind1="1" ind2="0">
<subfield code="6">245-02/</subfield>
<subfield code="a">تفسير التاريخ /</subfield>
<subfield code="c">تأليف عبد العزيز الدوري ... [et al.].</subfield>
</datafield>
<datafield tag="880" ind1=" " ind2=" ">
<subfield code="6">260-03/</subfield>
<subfield code="a">بغداد :</subfield>
<subfield code="b">مكتبة النهضة،</subfield>
<subfield code="c">[1962؟]</subfield>
</datafield>
<datafield tag="880" ind1="1" ind2=" ">
<subfield code="6">490-04/</subfield>
<subfield code="a">منشورات جمعية المؤلفين والكتاب العراقيين ؛</subfield>
<subfield code="v">5</subfield>
</datafield>
<datafield tag="810" ind1="2" ind2=" ">
<subfield code="6">880-05</subfield>
<subfield code="a">Jamʻīyat al-Muʼallifīn wa-al-Kuttāb al-ʻIrāqīyīn.</subfield>
<subfield code="t">Manshūrāt ;</subfield>
<subfield code="v">5.</subfield>
</datafield>
<datafield tag="880" ind1="2" ind2=" ">
<subfield code="6">810-05/</subfield>
<subfield code="a">جمعية المؤلفين والكتاب العراقيين.</subfield>
<subfield code="t">منشورات ؛</subfield>
<subfield code="v">5.</subfield>
</datafield>
<datafield tag="OWN" ind1=" " ind2=" ">
<subfield code="a">GENERAL</subfield>
</datafield>
<datafield tag="AVA" ind1=" " ind2=" ">
<subfield code="a">NYU50</subfield>
<subfield code="b">BOBST</subfield>
<subfield code="c">Main Collection</subfield>
<subfield code="d">D16.8 .D87</subfield>
<subfield code="e">unavailable</subfield>
<subfield code="t">Unavailable</subfield>
<subfield code="f">1</subfield>
<subfield code="g">1</subfield>
<subfield code="h">N</subfield>
<subfield code="i">0</subfield>
<subfield code="j">MAIN</subfield>
<subfield code="k">0</subfield>
</datafield>
</record>
